@inproceedings{parlin2018jamming,
  title={Jamming of UAV remote control systems using software defined radio},
  author={P{\"a}rlin, Karel and Alam, Muhammad Mahtab and Le Moullec, Yannick},
  booktitle={2018 International Conference on Military Communications and Information Systems (ICMCIS)},
  pages={1--6},
  year={2018},
  organization={IEEE}
}

@inproceedings{xu2007adjusting,
  title={On adjusting power to defend wireless networks from jamming},
  author={Xu, Wenyuan},
  booktitle={2007 Fourth Annual International Conference on Mobile and Ubiquitous Systems: Networking \& Services (MobiQuitous)},
  pages={1--6},
  year={2007},
  organization={IEEE}
}

@article{cadeau2014markov,
  title={Markov model based jamming and anti-jamming performance analysis for cognitive radio networks},
  author={Cadeau, Wednel and Li, Xiaohua and Xiong, Chengyu},
  journal={Communications and Network},
  volume={2014},
  year={2014},
  publisher={Scientific Research Publishing}
}

@article{benner1996effects,
  title={Effects of antenna height, antenna gain, and pattern downtilting for cellular mobile radio},
  author={Benner, Edward and Sesay, Abu B},
  journal={IEEE transactions on vehicular technology},
  volume={45},
  number={2},
  pages={217--224},
  year={1996},
  publisher={IEEE}
}